@article{benz,
    author =       {E Benz and D Tr\''{u}ck},
    title =        {{Modeling the price dynamics of $\text{CO}_2$ emission allowances}},
    journal =      {Energy Economics},
    volume =       {31},
    number =       {1},
    pages =        {4--15},
    year =         {2009}
},

@article{chevallier,
    author =       {J Chevallier},
    title =        {{Nonparametric modeling of the carbon prices}},
    journal =      {Energy Economics},
    volume =       {33},
    number =       {6},
    pages =        {1267--1282},
    year =         {2011}
},

@article{sirikitputtisak2009multi,
  title={{A multi-period optimization model for energy planning with CO2 emission considerations}},
  author={Sirikitputtisak, Tule and Mirzaesmaeeli, Hamidreza and Douglas, Peter L and Croiset, Eric and Elkamel, Ali and Gupta, Murlidhar},
  journal={Energy Procedia},
  volume={1},
  number={1},
  pages={4339--4346},
  year={2009},
  publisher={Elsevier}
},

@article{mirzaesmaeeli2010multi,
  title={{A multi-period optimization model for energy planning with CO2 emission consideration}},
  author={Mirzaesmaeeli, Hamidreza and Elkamel, Ali and Douglas, Peter L and Croiset, Eric and Gupta, M},
  journal={Journal of environmental management},
  volume={91},
  number={5},
  pages={1063--1070},
  year={2010},
  publisher={Elsevier}
}

@article{olschewski2005attractive,
  title={{How attractive are forest carbon sinks? Economic insights into supply and demand of certified emission reductions}},
  author={Olschewski, Roland and Benitez, Pablo C and De Koning, GHJ and Schlichter, Tomas},
  journal={Journal of Forest Economics},
  volume={11},
  number={2},
  pages={77--94},
  year={2005},
  publisher={Elsevier}
},

@article{lemathe,
    author =       {P Lemathe and N Balakrishnan},
    title =        {{Environmental considerations on optimal product mix}},
    journal =      {European Journal of Operational Research},
    volume =       {167},
    pages =        {398--412},
    year =         {2005}
},

@article{gong2013optimal,
  title={{Optimal production planning with emissions trading}},
  author={Gong, Xiting and Zhou, Sean X},
  journal={Operations Research},
  volume={61},
  number={4},
  pages={908--924},
  year={2013},
  publisher={INFORMS}
},

@article{tang2013efficiency,
  title={{The efficiency analysis of the European CO2 futures market}},
  author={Tang, Bao-jun and Shen, Cheng and Gao, Chao},
  journal={Applied energy},
  volume={112},
  pages={1544--1547},
  year={2013},
  publisher={Elsevier}
},

@article{rong,
    author =       {A Rong and R Landhelma},
    title =        {{$\text{CO}_2$ emissions trading planning in combined heat and power production via multi-period stochastic optimization}},
    journal =      {European Journal of Operational Research},
    volume =       {176},
    pages =        {1874--1895},
    year =         {2007}
},

@article{tang2,
    author =       {J Tang and R Fung},
    title =        {{Fuzzy formulation for multi-product aggregate production planning}},
    journal =      {Production Planning \& Control},
    volume =       {11},
    number =       {7},
    pages =        {670--676},
    year =         {2000}
},

@article{tang,
  title={{Optimization of enterprise production based on carbon emissions credits trading}},
  author={Tang, Honglei and Song, Guofang},
  booktitle={Proceedings of the 2nd International Conference on Green Communications and Networks 2012 (GCN 2012): Volume 5},
  pages={325--330},
  year={2013},
  organization={Springer}
}


@article{wang,
    author =       {R Wang and H Fang},
    title =        {{Aggregate production planning with multiple objectives in a fuzzy environment}},
    journal =      {European Journal of Operational Research},
    volume =       {133},
    number =       {3},
    pages =        {521--536},
    year =         {2001}
},

@article{wang2,
    author =       {R Wang and H Fang},
    title =        {{Application of fuzzy multi-objective linear progarmming to aggregate production planning}},
    journal =      {Computers \& Industrial Engineering},
    volume =       {46},
    number =       {1},
    pages =        {17--41},
    year =         {2004}
},

@article{zhang,
    author =       {B Zhang and L Xu},
    title =        {{Multi-item production planning with carbon cap and trade mechanism}},
    journal =      {International Journal of Production Economics},
    volume =       {144},
    number =       {1},
    pages =        {118--127},
    year =         {2013}
},

@article{INU,
    author =       {M Inuiguchi and J Ram\'{i}k},
    title =        {{Possibilistic Linear Programming: A Brief Review of Fuzzy Mathematical Programming and a Comparison with Stochastic Programming in Portfolio Selection Problem}},
    journal =      {Fuzzy Sets and Systems},
    volume =       {101},
    pages =        {3--28},
    year =         {2000}
},


@article{ZAD,
    author =       {L A Zadeh},
    title =        {{Fuzzy sets}},
    journal =      {Information and Control},
    volume =       {8},
    pages =        {338--353},
    year =         {1965}
},

@article{ZAD2,
    author =       {L A Zadeh},
    title =        {{The concept of a linguistic variable and its application to approximate reasoning I}},
    journal =      {Information and Control},
    volume =       {8},
    number =       {3},
    pages =        {338--353},
    year =         {1975}
},

@article{ZAD3,
    author =       {L A Zadeh},
    title =        {{Fuzzy Sets as a Basis for a Theory of Possibility}},
    journal =      {Fuzzy Sets and Systems},
    volume =       {1},
    number =       {3},
    pages =        {3--28},
    year =         {1978}
},
 

@article{BELZ,
    author =       {R Bellman and L A Zadeh},
    title =        {{Decision making in a fuzzy environment}},
    journal =      {Management Science},
    volume =       {17},
    pages =        {141--164},
    year =         {1970}
},

@article{Dub,
    author =       {D Dubois},
    title =        {{The role of fuzzy sets in decision sciences: Old techniques and new directions}},
    journal =      {Fuzzy Sets and Systems},
    volume =       {184},
    pages =        {3--28},
    year =         {2011}
},



@article{6,
    author =       {M Inuiguchi and H Ichihashi and Y Kume},
    title =        {{Some properties of extended fuzzy preference relations using modalities}},
    journal =      {Information Science},
    volume =       {61},
    pages =        {187--209},
    year =         {1992}
},


@article{170,
    author =       {M Inuiguchi and J Ram\'{i}k and T Tanino and M Vlach},
    title =        {{Satisficing solutions and duality in interval and fuzzy linear programming}},
    journal =      {Fuzzy sets and systems},
    volume =       {135},
    pages =        {151--177},
    year =         {2003}
},

@article{ZIM,
    author =       {H J Zimmermann},
    title =        {{Fuzzy programming and linear programming with several objective functions}},
    journal =      {Fuzzy sets and systems},
    volume =       {1},
    pages =        {45--55},
    year =         {1978}
},

@article{ruszczynski2006conditional,
  title={{Conditional risk mappings}},
  author={Ruszczy{\'n}ski, Andrzej and Shapiro, Alexander},
  journal={Mathematics of operations research},
  volume={31},
  number={3},
  pages={544--561},
  year={2006},
  publisher={INFORMS}
},

@article{ART,
    author =       {P Artzner and F Delbaen and J-M Eber and D Heath},
    title =        {{Coherent Risk Measures}},
    journal =      {Mathematical Finance},
    volume =       {9},
    number =       {3},
    pages =        {203--228},
    year =         {1999}
},

@article{XXY,
    author =       {E Woerdman and O Couwenberg and A Nentjes},
    title =        {{Energy prices and emissions trading: windfall profits from grandfathering?}},
    journal =      {European Journal of Law and Economics},
    volume =       {28},
    number =       {2},
    pages =        {185--202},
    year =         {2009}
},

@article{KIJ,
    author =       {M Kijima and M Ohnisi},
    title =        {{Mean-risk Analysis of risk aversion and wealth effects on optimal portfolios with multiple investment opportunities}},
    journal =      {Annals of Operations Research},
    volume =       {45},
    number =       {1},
    pages =        {147--163},
    year =         {1993}
},

@article{FOL,
    author =       {H F\"{o}llmer and A Schied},
    title =        {{Convex measures of risk and trading constraints}},
    journal =      {Finance and Stochastics},
    volume =       {6},
    pages =        {429--447},
    year =         {2002}
},

@article{PFL,
    author =       {G Pflug},
    title =        {{Coherent Risk Measures and Convex Combinations of the Conditional Value at Risk}},
    journal =      {Austrian Journal of Statistics},
    volume =       {31},
    number =       {1},
    pages =        {73--75},
    year =         {2002}
},

@article{ROC,
    author =       {T R Rockefellar and S P Uryasev},
    title =        {{Conditional Value-at-Risk for general loss distributions}},
    journal =      {Journal of Banking and Finance},
    volume =       {26},
    pages =        {1443--1471},
    year =         {2002}
},


@article{AR2,
    author =       {P Artzner and F Delbaen and J-M Eber and D Heath and H Ku},
    title =        {{Coherent multiperiod risk adjusted values and Bellman's principle}},
    journal =      {Annals of Operations Research},
    volume =       {152},
    pages =        {2--22},
    year =         {2007}
},

@article{SHA,
    author =       {A Shapiro},
    title =        {{On a time consistency concept in risk averse multistage stochastic programming}},
    journal =      {Operations Research Letters},
    volume =       {37},
    pages =        {143--147},
    year =         {2009}
},

@article{KOZ,
    author =       {J Dupa\v{c}ov\'{a} and V Kozm\'{i}k},
    title =       {{Structure of Risk-Averse Multistage Stochastic Programs}},
    journal =      {OR Spectrum},
    volume =       {37},
    number =       {3},
    pages =        {559--582},
    year =         {2015}
},

@article{KAU,
    author =       {M Kaut},
    title =        {{A copula-based heuristic for scenarion generation}},
    journal =      {Computational Management Science},
    volume =       {11},
    number =       {4},
    pages =        {503--516},
    year =         {2014}
},

@article{KA2,
    author =       {M Kaut and Stein W Wallace},
    title =        {{Evaluation of scenario-generation methods for stochastic programming}},
    journal =      {Pacific Journal of Optimization},
    volume =       {3},
    number =       {2},
    pages =        {257--271},
    year =         {2007}
},

@article{LEV2,
    author =       {H Levy and M Sarnat},
    title =        {{The Mean Variance Criterion and the Mean Efficiency Frontier}},
    journal =      {Economic Inquiry},
    volume =       {9},
    number =       {1},
    pages =        {46--51},
    year =         {1971}
},


@article{YAO,
    author =       {H Yao and Z Li and Y Lai},
    title =        {{Mean-CVaR portfolio selection: A nonparametric estimation framework}},
    journal =      {Computers \& Operations Reserach},
    volume =       {40},
    number =       {4},
    pages =        {1014--1022},
    year =         {2013}
},
@article{NAJ,
    author =       {A A Najafi and S Mushakhian},
    title =        {{Multi-stage stochastic mean-semivariance-CVaR portfolio optimization under transaction costs}},
    journal =      {Applied Mathematics and Computation},
    volume =       {256},
    number =       {1},
    pages =        {445--458},
    year =         {2015}
},

@article{WAN,
    author =       {Y Wan and M L Clutter and B Mei and J P Siry},
    title =        {{Assessing the role of U.S. timberland assets in a mixed portfolio under the mean-conditional value at risk framework}},
    journal =      {Forest Policy and Economics},
    volume =       {50},
    pages =        {118--126},
    year =         {2015}
},

@article{MAC,
    author =       {M E P Maceira and L G B Marzano and D D J Penna and L A Diniz and T C Justino},
    title =        {{Application of CVaR risk aversion approach in the expansion and operation planning and for setting the spot price in the Brazilian hydrothermal interconnected system}},
    journal =      {International Journal of Electrical Power \& Energy Systems},
    volume =       {72},
    pages =        {126--135},
    year =         {2015}
},

@article{SEF,
    author =       {J A Sefair and C Y M\'{e}ndez and O Babat and L Medaglia and L F Zuluaga},
    title =        {Linear solution schemes for Mean-SemiVariance Project portfolio selection problems: An application in the oil and gas industry},
    journal =      {Omega},
    volume =       {68},
    pages =        {39--48},
    year =         {2017}
},
 

@article{HUA,
    author =       {X Huang and T Zhao and S Kudratova},
    title =        {{Uncertain mean-variance and mean-semivariance models for optimal project selection and scheduling}},
    journal =      {Knowledge-Based Systems},
    volume =       {93},
    number =       {1},
    pages =        {1--11},
    year =         {2016}
},

@article{hull1987pricing,
  title={The pricing of options on assets with stochastic volatilities},
  author={Hull, John and White, Alan},
  journal={The journal of finance},
  volume={42},
  number={2},
  pages={281--300},
  year={1987},
  publisher={Wiley Online Library}
},

@book{hull2013fundamentals,
  title={Fundamentals of futures and options markets},
  author={Hull, John and Treepongkaruna, Sirimon and Colwell, David and Heaney, Richard and Pitt, David},
  year={2013},
  publisher={Pearson Higher Education AU}
},

@book{mehdi,
  title={Data envelopment analysis with selected models and applications},
  author={Toloo, Mehdi},
  year={2014},
  publisher={SAEI: V\v SB - Technical university of Ostrava}
},

@article{ZA1,
    author =       {F Zapletal and M \v{S}m\'{i}d},
    title =        {{Mean-risk optimal decision of a steel company under emission control}},
    journal =      {Central European Journal of Operations Research},
    volume =       {24},
    number =       {2},
    pages =        {435--454},
    year =         {2016}
},

@article{carmona2009optimal,
  title={Optimal stochastic control and carbon price formation},
  author={Carmona, Ren{\'e} and Fehr, Max and Hinz, Juri},
  journal={SIAM Journal on Control and Optimization},
  volume={48},
  number={4},
  pages={2168--2190},
  year={2009},
  publisher={SIAM}
},

@article{pisciella2016time,
  title={A time consistent risk averse three-stage stochastic mixed integer optimization model for power generation capacity expansion},
  author={Pisciella, Paolo and Vespucci, Maria Teresa and Bertocchi, Maria and Zigrino, Stefano},
  journal={Energy Economics},
  volume={53},
  pages={203--211},
  year={2016},
  publisher={Elsevier}
},

@article{wang2008cvar,
  title={CVaR-based electricity purchase model for power supply company},
  author={Wang, Jinfeng and Li, Yuzeng and Zhang, Shaohua},
  journal={Electric Power Automation Equipment},
  volume={2},
  pages={004},
  year={2008}
},

@article{ZA2,
    author =       {F Zapletal},
    title =        {{Production portfolio optimisation under uncertainty: Threats of emissions}},
    journal =      {International Journal of Applied Decision Sciences},
    volume =       {10},
    number =       {3},
    pages =        {274--290},
    year =         {2017}
},

@phdthesis{ZA3,
    author   = {F Zapletal},
    title    = {{Design and Verification of the Optimization Economic-Ecological Model for Steel Company under Uncertainty [in Czech]}},
    school   = {V\v{S}B-TU Ostrava, Faculty of Economics},
    year     = {2014}
}

@article{SMI,
    author =       {Martin \v{S}m\'{i}d and F Zapletal and Jana Han\v{c}lov\'{a}},
    title =        {{Which Carbon Derivatives Are Appicable in Practise? A Case Study of a European Steel Industry}},
    journal =      {Kybernetika},
    volume =       {53},
    number =       {6},
    pages =        {1071--1085},
    year =         {2017}
},

@article{MAR,
    author =       {G A Marrero and L A Puch and F J Ramos-Real},
    title =        {{Mean-variance portfolio methods for energy policy risk management}},
    journal =      {International Review of Economics \& Finance},
    volume =       {40},
    pages =        {246--264},
    year =         {2015}
},


@article{SAN,
    author =       {F J Santos-Amillos and N S Thomaidis and J Usaola-Garc\' ia and J A Ruiz-Arias and D Pozo-V\'{a}zques},
    title =        {{Exploring the mean-variance portfolio optimization approach for planning wind repowering actions in Spain}},
    journal =      {Renewable Energy},
    volume =       {106},
    pages =        {335--342},
    year =         {2017}
},

@article{PF3,
    author =       {G Pflug},
    title =        {{Scenario tree generation for multiperiod financial optimization by optimal discretization}},
    journal =      {Mathematical Programming},
    volume =       {89},
    number =       {2},
    pages =        {251--271},
    year =         {2001}
},

@article{DAN,
    author =       {G Dantzig and G Infanger},
    title =        {{Large-scale stochastic linear programs importance sampling and Benders decomposition}},
    journal =      {Computational and Applied Mathematics},
    volume =       {1},
    pages =        {111--120},
    year =         {1991}
},

@article{DU2,
    author =       {J Dupa\v{c}ov\'{a} and N Gr\"{o}we-Kuska and W R\"{o}misch},
    title =        {{Scenario reduction in stochastic programming}},
    journal =      {Mathematical Programming},
    volume =       {95},
    number =       {3},
    pages =        {493--511},
    year =         {2003}
},

@article{ALB,
    author =       {G Albeanu and M Ghica and F Popentiu-Vl\u{a}dicescu},
    title =        {{On Using Bootstrap Scenario-Generation for Multi-Period Stochastic Programming Applications}},
    journal =      {International Journal of Computers, Communication and Control},
    volume =       {3},
    pages =        {156--161},
    year =         {2008}
},

@article{ESC,
    author =       {F L Escudero and A Gar\'{i}n and M Merino and G P\'{e}rez},
    title =        {{The value of the stochastic solution in multistage problems}},
    journal =      {TOP},
    volume =       {15},
    number =       {1},
    pages =        {48--64},
    year =         {2007}
},

@article{FAL,
    author =       {P Falbo and D Felletti and S Stefani},
    title =        {{Free EUAs and fuel switching}},
    journal =      {Energy Economics},
    volume =       {35},
    pages =        {14--21},
    year =         {2013}
},

@article{BAY,
    author =       {A Baykaso\u{g}lu and K Subulan},
    title =        {{An Analysis of Fully Fuzzy linear Programming with Fuzzy Decision Variables through Logistics Network Design Problem}},
    journal =      {Knowledge-Based Systems},
    volume =       {90},
    pages =        {165--184},
    year =         {2015}
},

@article{BAY2,
    author =       {A Baykaso\u{g}lu and T Gocken},
    title =        {{A Direct Solution Approach to Fuzzy Mathematical Programs with Fuzzy Decision Variables}},
    journal =      {Expert Systems with Applications},
    volume =       {39},
    number =       {2},
    pages =        {1972--1978},
    year =         {2012}
},

@article{JAF,
    author =       {E Jafarian and J Razmi and M F Baki},
    title =        {{A Flexible programming Aproach Based on Intuitionistic Fuzzy Optimization and Geometric Programming for Solving Multi-Objective Nonlinear Programming Problems}},
    journal =      {Expert Systems with Applications},
    volume =       {93},
    pages =        {245--256},
    year =         {2018}
},

@article{PIS,
    author =       {M S Pishvaee and M F Khalaf},
    title =        {{Novel Robust Fuzzy Mathematical Programming Methods}},
    journal =      {Applied Mathematical Modelling},
    volume =       {40},
    number =       {1},
    pages =        {407--418},
    year =         {2016}
},

@article{TAN,
    author =       {H Tanaka and T Okuda and K Asai},
    title =        {{On Fuzzy Mathematical Programming}},
    journal =      {Journal of Cybernatics},
    volume =       {3},
    pages =        {37--46},
    year =         {1974}
},


@article{ZIM2,
    author =       {H J Zimmermann},
    title =        {{Applications of Fuzzy Sets Theory to Mathematical Programming}},
    journal =      {Information Science},
    volume =       {36},
    pages =        {29--58},
    year =         {1985}
},

@article{CAR,
    author =       {C Carlsson and R Full\'{e}r},
    title =        {{On possibilistic mean value and variance of fuzzy}},
    journal =      {Fuzzy Sets and Systems},
    volume =       {122},
    number =       {2},
    pages =        {315--326},
    year =         {2001}
},

@article{YAG,
    author =       {R Yager},
    title =        {{On a general class of fuzzy connectives}},
    journal =      {Fuzzy Sets and Systems},
    volume =       {4},
    number =       {6},
    pages =        {235--242},
    year =         {1980}
},

@article{THA,
    author =       {A Thavaneswaran and S S Appadoo and A Paseka},
    title =        {{Weighted possibilistic moments of fuzzy numbers with applications to GARCH modeling and option pricing}},
    journal =      {Mathematical and Computer Modelling},
    volume =       {49},
    pages =        {352--368},
    year =         {2009}
},

@article{ZHAF,
    author =       {W G Zhang and X Zhang and L W Xiao},
    title =        {{Portfolio selection under possibilistic mean-variance utility and a SMO algorithm}},
    journal =      {European Journal of Operational Research},
    volume =       {197},
    number =       {2},
    pages =        {693--700},
    year =         {2009}
},

@article{ZHAF2,
    author =       {W G Zhang and Y L Wang and P Z Chen and Z-K Nie},
    title =        {{Possibilistic mean-variance models and efficient frontiers for portfolio selection problem}},
    journal =      {Information Sciences},
    volume =       {177},
    number =       {13},
    pages =        {2787--2801},
    year =         {2007}
},

@article{BHA,
    author =       {R Bhattacharyya and S Kar and D D Majumder},
    title =        {{Fuzzy mean-variance-skewness portfolio selection models by interval analysis}},
    journal =      {Computers \& Mathematics with Applications},
    volume =       {61},
    number =       {1},
    pages =        {126--137},
    year =         {2011}
},


@article{BUC,
    author =       {J J Buckley},
    title =        {{Possibilistic inear Programming with Triangular Fuzzy Numbers}},
    journal =      {Fuzzy Sets and Systems},
    volume =       {26},
    pages =        {135--138},
    year =         {1988},
},

@article{ORL,
    author =       {S A Orlovsky},
    title =        {{On Formalization of a General Fuzzy Mathematical Programming Problem}},
    journal =      {Fuzzy Sets and Systems},
    volume =       {3},
    pages =        {311--321},
    year =         {1980}
},

@article{laing2013assessing,
  title={Assessing the effectiveness of the EU Emissions Trading System},
  author={Laing, Tim and Sato, Misato and Grubb, Michael and Comberti, Claudia and others},
  journal={Centre for Climate Change Economics and Policy},
  year={2013},
  publisher={Citeseer}
}

@article{KAB,
    author =       {O Kabak and F \"{U}lengin},
    title =        {{Possibilistic linear-programming approach for supply chain networking decisions}},
    journal =      {European Journal of Operational Research},
    volume =       {209},
    number =       {3},
    pages =        {253--264},
    year =         {2011}
},

@book{galindo2005fuzzy,
  title={Fuzzy Databases: Modeling, Design and Implementation: Modeling, Design and Implementation},
  author={Galindo, Jos{\'e}},
  year={2005},
  publisher={IGI Global}
},

@article{atsalakis2016using,
  title={Using computational intelligence to forecast carbon prices},
  author={Atsalakis, George S},
  journal={Applied Soft Computing},
  volume={43},
  pages={107--116},
  year={2016},
  publisher={Elsevier}
},

@article{WAN2,
    author =       {R C Wang and F T Liang},
    title =        {{Applying possibilistic linear programming to aggregate production planning}},
    journal =      {International Journal of Production Economics},
    volume =       {98},
    number =       {3},
    pages =        {328--341},
    year =         {2005}
},


@book{BEC,
    author    = {C R Bector and S Chandra},
    title     = {{Fuzzy Mathematical Programming and Fuzzy Matrix Games}},
    year      = {2005},
    publisher = {Springer},
    address   = {}
},

@book{FIE,
    author    = {M Fiedler and J Nedoma and J Ram\'ik and J Rohn and K Zimmermann},
    title     = {{Linear Optimization Problems with Inexact Data}},
    year      = {2006},
    publisher = {Springer},
    address   = {}
},

@article{tang2003multiproduct,
  title={Multiproduct aggregate production planning with fuzzy demands and fuzzy capacities},
  author={Tang, Jiafu and Wang, Dingwei},
  journal={IEEE Transactions on Systems, Man, and Cybernetics-Part A: Systems and Humans},
  volume={33},
  number={5},
  pages={663--663},
  year={2003},
  publisher={IEEE}
},

@inproceedings{sahin2014approach,
  title={An approach to represent time series forecasting via fuzzy numbers},
  author={Sahin, Atakan and Kumbasar, Tufan and Yesil, Engin and Do{\`y}durka, M Furkan and Karasakal, Onur},
  booktitle={Artificial Intelligence, Modelling and Simulation (AIMS), 2014 2nd International Conference on},
  pages={51--56},
  year={2014},
  organization={IEEE}
},

@article{fung2003multiproduct,
  title={Multiproduct aggregate production planning with fuzzy demands and fuzzy capacities},
  author={Fung, Richard YK and Tang, Jiafu and Wang, Dingwei},
  journal={IEEE Transactions on systems, man, and cybernetics-Part A: Systems and humans},
  volume={33},
  number={3},
  pages={302--313},
  year={2003},
  publisher={IEEE}
},


@article{ramesh1997optimal,
  title={Optimal power flow with fuzzy emissions constraints},
  author={Ramesh, VC and Li, Xuan},
  journal={Electric machines and power systems},
  volume={25},
  number={8},
  pages={897--906},
  year={1997},
  publisher={Taylor \& Francis}
},

@article{ren2015fuzzy,
  title={Fuzzy multi-criteria decision-making method for technology selection for emissions reduction from shipping under uncertainties},
  author={Ren, Jingzheng and L{\"u}tzen, Marie},
  journal={Transportation Research Part D: Transport and Environment},
  volume={40},
  pages={43--60},
  year={2015},
  publisher={Elsevier}
}


@book{RAM,
    author    = {J Ram\'{i}k and M Vlach},
    title     = {{Generalized concavity in optimization and decision making}},
    year      = {2001},
    publisher = {Kluwer Academic Publishers},
    address   = {Boston-Dordrecht-London}
},



@book{HAN,
    author    = {J Han\v{c}lov\'{a} and L Chytilov\'{a} and J Ram\'{i}k and M Toloo and F Zapletal and S Babaee and Y Shen and E Hermans},
    title     = {{Optimization Problems in Economics and Finance}},
    year      = {2015},
    publisher = {V\v{S}B-TU Ostrava},
    address   = {Ostrava}
},


@book{AUB,
    author    = {Jean-Pierre Aubin},
    title     = {{Optima and Equilibria: An Introduction to Nonlinear Analysis}},
    year      = {2013},
    publisher = {Springer},
    address   = {}
},

@book{PF2,
    author    = {G Pflug and W R\"{o}misch},
    title     = {{Modeling, Measuring and Managing Risk}},
    year      = {2007},
    publisher = {World Scientific Publishing},
    address   = {Singapore}
},

@article{raskin1986interpretations,
  title={Interpretations and transformations of scale for the Pratt-Arrow absolute risk aversion coefficient: Implications for generalized stochastic dominance},
  author={Raskin, Rob and Cochran, Mark J},
  journal={Western Journal of Agricultural Economics},
  pages={204--210},
  year={1986},
  publisher={JSTOR}
},

@book{KAL,
    author    = {P Kall and J Mayer},
    title     = {{Stochastic Linear Programming: Models, Theory, and Computation}},
    year      = {2011},
    publisher = {Springer},
    address   = {New York}
},

@book{JOR,
    author    = {P H Jorion},
    title     = {{Value-at-Risk: A New Benchmark for Measuring Derivatives Risk}},
    year      = {1996},
    publisher = {Irwin Professional Publishing},
    address   = {}
},

@book{TAH,
    author    = {Hamdy A Taha},
    title     = {{Operations research: an introduction}},
    year      = {2011},
    publisher = {Pearson},
    address   = {Upper Saddle River}
},

@book{PRE,
    author    = {Andr\'{a}s Pr\'{e}kopa},
    title     = {{Stochastic programming}},
    year      = {1995},
    publisher = {Kluwer Academic Publishers},
    address   = {Dordrecht}
},


@book{BIR,
    author    = {John R Birge and Francois Louveaux},
    title     = {{Introduction to stochastic programming}},
    year      = {2011},
    publisher = {Springer},
    address   = {New York}
},

@book{KA3,
    author    = {Peter Kall and Stein W Wallace},
    title     = {{Stochastic programming}},
    year      = {2011},
    publisher = {Springer},
    address   = {New York}
},

@book{miller2009input,
  title={Input-output analysis: foundations and extensions},
  author={Miller, Ronald E and Blair, Peter D},
  year={2009},
  publisher={Cambridge University Press}
},

@book{RUS,
    author    = {Alexander Shapiro and Darinka Dentcheva and Andrzej Ruszczynski},
    title     = {{Lectures on Stochastic Programming: Modeling and Theory}},
    year      = {2009},
    publisher = {SIAM-Society for Industrial and Applied Mathematics},
    address   = {Philadelphia}
},
 
@book{FRE,
    author    = {David Freedman and Robert Pisani and Roger Purves},
    title     = {{Statistics}},
    year      = {2007},
    publisher = {W. W. Norton \& Company},
    address   = {New York}
},
 
@book{TRI,
    author    = {Mario F Triola},
    title     = {{Essentials of Statistics}},
    year      = {2014},
    publisher = {Pearson Education Limited},
    address   = {Harlow}
},

@book{TIC,
    author    = {Tom\'{a}\v{s} Tich\'{y}},
    title     = {{L\' evy processes in finance: selected applications with theoretical background}},
    year      = {2011},
    publisher = {V\v SB-TU Ostrava},
    address   = {Ostrava}
},

@book{MA2,
    author    = {Harry Markowitz},
    title     = {{Portfolio Selection. Efficient Diversification of Investments}},
    year      = {1959},
    publisher = {John Wiley \& Sons},
    address   = {}
},

@book{BOY,
    author    = {Stephen Boyd and Lieven Vanderberghe},
    title     = {{Convex Optimization}},
    year      = {2004},
    publisher = {Cambridge University Press},
    address   = {}
},

@book{BER,
    author    = {P Dimitrij},
    title     = {{Convex Optimization Algorithms}},
    year      = {2015},
    publisher = {Athena Scientific},
    address   = {}
},

@book{BE2,
    author    = {P Dimitrij},
    title     = {{Nonlinear Programming}},
    year      = {2016},
    publisher = {Athena Scientific},
    address   = {}
},

@book{BAZ,
    author    = {Mokhtar S Bazaraa and Hanif D Sherali and M C Shetty},
    title     = {{Nonlinear Programming: Theory and Algorithms}},
    year      = {2006},
    publisher = {Wiley - Interscience},
    address   = {}
},

@book{HEI,
    author    = {H Heitsch and W R\"{o}misch and C Strugarek},
    title     = {{Stability of multistage stochastic programs}},
    year      = {2006},
    publisher = {Mathematics for key technologies},
    address   = {DFG Research Center Matheon}
},

@book{KOP,
    author    = {M Kopa},
    title     = {{On Selected Software for Stochastic Programming}},
    year      = {2008},
    publisher = {Matfyzpress},
    address   = {Prague}
},

@book{SKA,
    author    = {I Skalna and B R\c{e}biasz and B Gawe\l{} and B Basiura and J Duda and J Opi\l{}a and T Pelech-Pilichowski},
    title     = {{Advances in Fuzzy Decision Making}},
    year      = {2015},
    publisher = {Springer: Studies in Fuzziness and Soft Computing 333},
    address   = {}
},

@book{ZME,
    author    = {Z Zme\v{s}kal and Dana Dluho\v{s}ov\'{a} and Tom\'{a}\v{s} Tich\'{y}},
    title     = {{Financial models}},
    year      = {2004},
    publisher = {VSB--Technical University of Ostrava},
    address   = {Ostrava}
},

@book{XYZ,
    author    = {B S Everitt and Anders Skrondal},
    title     = {{The Cambridge Dictionary of Statistics}},
    year      = {2004},
    publisher = {Cambridge University Press},
    address   = {}
},

@book{MCC,
    author    = {James T McClave and Terry T Sincich},
    title     = {{Statistics}},
    year      = {2012},
    publisher = {Pearson Education Limited},
    address   = {Harlow}
},

@book{AND,
    author    = {David Ray Anderson and Dennis J Sweeney and Thomas Arthur Williams},
    title     = {{Statistics}},
    year      = {2012},
    publisher = {South-Western Cengage Learning},
    address   = {Mason}
},


@misc{DIR1,
  author={{Council of European Union}},
  title={EU Directive no 2003/87/EC},
  year={2003},
},

@misc{DIR2,
  author={{Council of European Union}},
  title={EU Directive no 2008/101/EC},
  year={2008},
},

@article{pereira1991multi,
  title={Multi-stage stochastic optimization applied to energy planning},
  author={Pereira, Mario VF and Pinto, Leontina MVG},
  journal={Mathematical programming},
  volume={52},
  number={1-3},
  pages={359--375},
  year={1991},
  
  publisher={Springer}
}

@misc{DIR3,
  author={{Council of European Union}},
  title={EU Directive no. 2004/101/EC},
  year={2004},
},

@misc{DIR9,
  author={{Council of European Union}},
  title={EU Directive no. 2018/410/EC},
  year={2018},
},


@misc{DIR4,
  author={{Council of European Union}},
  title={EU Directive no. 2013/448/EC},
  year={2013},
},


@conference{zapletal,
  author       = {Franti\v{s}ek Zapletal}, 
  title        = {{Mean-risk model optimizing the heavy industrial company's profit with respect to environmental aspects}},
  booktitle    = {In Proceedings of the $32^{\text{nd}}$ Conference Mathematical Methods in Economics},
  year         = {2014},
  publisher    = {Palack\' y University},
  address      = {Olomouc}
},

@conference{zapletal2,
  author       = {Franti\v{s}ek Zapletal}, 
  title        = {{Fuzzy Optimization of Industrial Companies' Profit under Environmental Factors}},
  booktitle    = {In Proceedings of the Strategic Management and its Support by Information Systems Conference},
  year         = {2015},
  publisher    = {V\v{S}B--TU Ostrava},
  address      = {Uhersk\'{e} Hradi\v{s}t\v{e}}
},

@conference{zapletal3,
  author       = {Franti\v{s}ek Zapletal and Eva Moravcov\'{a}}, 
  title        = {{Analysis of current conditions within the ETS and its impacts on firms in the Czech Republic}},
  booktitle    = {In Proceedings of the Strategic Management and its Support by Information Systems Conference},
  year         = {2013},
  pages        = {235--255},
  publisher    = {V\v{S}B--TU Ostrava},
  address      = {Vala\v{s}sk\'{e} Mezi\v{r}\'{i}\v{c}\'{i}}
},

@conference{CAR2,
  author       = {C Carlsson and R Full\'{e}r}, 
  title        = {{Possibilistic Mean Value and Variance of Fuzzy Numbers: Some Examples of Application}},
  booktitle    = {In Proceedings of the IEEE International Conference on Fuzzy Systems},
  year         = {2009},
  pages        = {587--592},
  address      = {Jeju Island, South Korea}
},

@incollection{KOV,
  author      = {M Kov\'{a}cs},
  title       = {{Fuzzy Linear Programming with Centered Fuzzy Numbers}},
  editor      = {M Delgado and J Kacprzyk and J-L Verdegay and M A Vila},
  booktitle   = {In Fuzzy Optimization - Recent Advances},
  publisher   = {Physica-Verlag},
  address     = {Heidelberg-New York},
  year        = {1994},
  pages       = {135--147}
},

@incollection{PF4,
  author      = {R Kovacevic and G Pflug},
  title       = {{Time consistency and information monotonicity of multiperiod acceptability functionals}},
  editor      = {H Albrecher and W J Runggaldier and W Schachermayer},
  booktitle   = {Radon Series on Computational and Applied Mathematics},
  year        = {2009},
  pages       = {1--23}
},

@incollection{CHEN,
  author      = {W Chen},
  title       = {{Two Possibilistic Mean-Variance Models for Portfolio Selection}},
  editor      = {B Cao and T F Li and C Y Zhang},
  booktitle   = {Two Possibilistic Mean-Variance Models for Portfolio Selection},
  publisher   = {Springer},
  year        = {2009},
  volume       = {62},
  pages       = {1035--1044}
},

@book{NOC,
    author    = {Jorge Nocedal and Stephen Wright},
    title     = {{Numerical Optimization}},
    year      = {1999},
    publisher = {Springer},
    address   = {New York}
},

@article{BEN,
    author =       {J F Benders},
    title =        {{Partition procedures for solving mixed-variables programming problems}},
    journal =      {Numerische Mathematik},
    volume =       {4},
    pages =        {238--252},
    year =         {1962}
},

@book{CHR,
    author    = {U G Christensen and A B Pedersen},
    title     = {{Lecture Note on Benders' Decomposition}},
    year      = {2008}
},

@article{DEM,
    author =       {M A H Dempster and R T Thompson},
    title =        {{Parallelization and aggregation
of nested Benders decomposition}},
    journal =      {Annals of Operations Research},
    volume =       {81},
    pages =        {163--187},
    year =         {1998}
},

@article{BIRX,
    author =       {J R Birge},
    title =        {{Decomposition and partitioning methods for multistage stochastic programs}},
    journal =      {Operations Research},
    volume =       {33},
    pages =        {989--1007},
    year =         {1985}
},

@article{PER,
    author =       {M V F Pereira and L M V G Pinto},
    title =        {{Multi-stage stochastic optimization applied to energy planning}},
    journal =      {Mathematical Programming},
    volume =       {52},
    pages =        {359--375},
    year =         {1991}
},

@article{HIN,
    author =       {Magnus Hindsberger},
    title =        {{ReSa: A method for solving multistage stochastic linear programs}},
    journal =      {Journal of Applied Operational Research},
    volume =       {6},
    number =       {1},
    pages =        {2--15},
    year =         {2014}
},

@article{SLY,
    author =       {R Van Slyke and R J-B Wets},
    title =        {{L-shaped linear programs with applications to optimal control and stochastic programming}},
    journal =      {SIAM Journal of Applied Mathematics},
    volume =       {17},
    pages =        {638--663},
    year =         {1969}
},

@incollection{LEV,
  author      = {R Levkovitz and G Mitra},
  title       = {{Solution of large-scale linear programs: A review of hardware, software and algorithmic issues}},
  editor      = {T A Ciriani and R C Leachman},
  booktitle   = {Optimization in Industry},
  publisher   = {John Wiley and Sons},
  year        = {1993},
  pages       = {139--171}
},

@conference{KUH,
  author       = {H W Kuhn and A W Tucker}, 
  title        = {{Nonlinear programming}},
  booktitle    = {In Proceedings of 2nd Berkeley Symposium},
  year         = {1951},
  pages        = {481--492},
  address      = {Berkeley University of California Press}
},

@article{DAN2,
    author =       {G B Dantzig},
    title =        {{Linear Programming under Uncertainty}},
    journal =      {Management Science},
    volume =       {1},
    number =     {3--4},
    pages =        {197--206},
    year =         {1955}
},

@article{CHA2,
    author =       {A Charnes and W W Cooper},
    title =        {{Chance-constrained Programming}},
    journal =      {Management Science},
    volume =       {5},
    pages =        {73--79},
    year =         {1959}
},

@article{RUD,
    author =       {Birgit Rudloff and Alexandre Street and Davi M Vallad\~{a}o},
    title =        {{Time consistency and risk averse dynamic decision models: Definition, interpretation and practical consequences}},
    journal =      {European Journal of Operational Research},
    volume =       {234},
    number =     {3},
    pages =        {743--750},
    year =         {2014}
},

@article{DUPA,
    author =       {Jitka Dupa\v{c}ov\'{a} and Giorgio Consigli and Stein W Wallace},
    title =        {{Scenarios for multistage stochastic programs}},
    journal =      {Annals of Operations Research},
    volume =       {100},
    number =     {1--4},
    pages =        {25--53},
    year =         {2000}
},


@article{anor,
    author =       {Franti\v{s}ek Zapletal and Martin \v{S}m\'{i}d and Milo\v{a} Kopa},
    title =        {{Multi-stage emissions management of a steel company}},
    journal =      {Annals of Operations Research (Accepted for publishing)},
    volume =       {X},
    number =     {X},
    pages =        {XX--XX},
    year =         {2019}
},


@book{ellerman2010pricing,
  title={{Pricing carbon: the European Union emissions trading scheme}},
  author={A Denny Ellerman and Frank J Convery and Christian De Perthuis},
  year={2010},
  publisher={Cambridge University Press}
},

@article{alberola2008eu,
  title={{The EU emissions trading scheme: The effects of industrial production and CO2 emissions on carbon prices}},
  author={Emilie Alberola and Julien Chevallier and Beno\^{\i}t Ch\`{e}ze},
  journal={Economie internationale},
  number={4},
  pages={93--125},
  year={2008},
  publisher={La Doc. fran{\c{c}}aise}
},

@article{alberola2008price,
  title={{Price drivers and structural breaks in European carbon prices 2005--2007}},
  author={Emilie Alberola and Julien Chevallier and Beno\i{ˆ}t Ch\`{e}ze},
  journal={Energy policy},
  volume={36},
  number={2},
  pages={787--797},
  year={2008},
  publisher={Elsevier}
},

@article{chevallier2010carbon,
  title={{Carbon prices during the EU ETS phase II: Dynamics and volume analysis}},
  author={Julien Chevallier},
  year={2010}
},

@book{chevallier2011econometric,
  title={{Econometric analysis of carbon markets: the European Union emissions trading scheme and the clean development mechanism}},
  author={Julien Chevallier},
  year={2011},
  publisher={Springer Science \& Business Media}
},

@article{liao2009average,
  title={{Average shadow price and equilibrium price: A case study of tradable pollution permit markets}},
  author={Chaoning Liao and Hayri \"{O}nal and Ming-Hsiang Chen},
  journal={European Journal of Operational Research},
  volume={196},
  number={3},
  pages={1207--1213},
  year={2009},
  publisher={Elsevier}
},

@article{jouvet2005equilibrium,
  title={{Equilibrium with a market of permits}},
  author={Pierre-Andr\'{e} Jouvet and Philippe Michel and Gilles Rotillon},
  journal={Research in Economics},
  volume={59},
  number={2},
  pages={148--163},
  year={2005},
  publisher={Elsevier}
},

@article{delarue2007price,
  title={{Price determination of ETS allowances through the switching level of coal and gas in the power sector}},
  author={Erik D Delarue and William D D'haeseleer},
  journal={International Journal of Energy Research},
  volume={31},
  number={11},
  pages={1001--1015},
  year={2007},
  publisher={Wiley Online Library}
},



@misc{smid2019solution,
   title={Solution of a General Asset-Liability Management Model with Time-dependent Random Parameters},
   author={Martin \v{S}m\'{i}d and V\'{a}clav Kozm\'{i}k},
   year={2019},
   note={Research Report}
},


@article{philpott2013solving,
  title={On solving multistage stochastic programs with coherent risk measures},
  author={Philpott, Andy and de Matos, Vitor and Finardi, Erlon},
  journal={Operations Research},
  volume={61},
  number={4},
  pages={957--970},
  year={2013},
  publisher={INFORMS}
},
